% Publishers
@String{AMS   = "American Mathematical Society"}
@String{AP    = "Academic Press"}
@String{AW    = "Addison-Wesley"}
@String{BH    = "Birkha√ºser"}
@String{CUP   = "Cambridge University Press"}
@String{Dover = "Dover Publications"}
@String{CRC   = "Chapman {\&} Hall/CRC"}
@String{EL    = "Elsevier"}
@String{MGH   = "McGraw-Hill"}
@String{NH    = "North-Holland"}
@String{MIT   = "The MIT Press"}
@String{OUP   = "Oxford University Press"}
@String{PergamonPress = "Pergamon Press"}
@String{PH    = "Prentice-Hall"}
@String{GRUY  = "Walter de Gruyter"}
@String{PUP   = "Princeton University Press"}
@String{SIAM  = "{SIAM} Publications"}
@String{SP    = "Springer"}
@String{VanNostrand = "Van Nostrand"}
@String{WHFreeman = "W. H. Freeman and Co."}
@String{Wiley = "John Wiley {\&} Sons"}
@String{PHL = "Philadelphia"}
@String{PUP = "Princeton University Press"}
@String{PAL = "Palgrave Macmillan"}
@String{WS = "World Scientific"}
@String{ORE = "O'Reilly Media"}
@String{MAN = "Manning Publications"}
@String{NOS = "No Starch Press"}

@String{OREA = "Sebastopol, CA"}
@String{CRCA = "Boca Raton, FL"}
@String{MANA = "Shelter Island, NY"}
@String{NOSA = "San Francisco, CA"}
@String{CAMB = "Cambridge"}
@String{BE = "Berlin"}
@String{NY = "New York"}
@String{PR = "Paris"}
@String{AM = "Amsterdam"}
@String{LDN = "London"}
@String{SG = "Singapore"}
@String{PROV = "Providence, R.I."}
@String{Hob = "Hoboken, NJ"}
@String{SW = "Switzerland"}
@String{DEK = "Marcel Dekker"}
@String{SPNA = "Cham, Switzerland"}
@String{SPN = "Springer Nature"}

%%%%%%%%%%%%%%%%%%%%%%%%%%%%%%%%%%%%%%%%%%%%%%%%%%%%%%%%%%%%%%%%%%%%%%%%%%

@book{naumann,
  author = "U. Naumann",
  title = "The Art of Differentiating Computer Programs: An Introduction to Algorithmic Differentiation",
  address = PHL,
  publisher = SIAM,
  year = "2012"
}

@book{griewank,
  author = "A. Griewank and A. Walther",
  title = "Evaluating Derivatives: Principles and Techniques of Algorithmic Differentiation",
  address = PHL,
  publisher = SIAM,
  edition = "{2nd}",
  year = "2008"
}

@book{rudin,
  author = "W. Rudin",
  title = "Principles of Mathematical Analysis",
  address = NY,
  publisher = MGH,
  edition = "{3rd}",
  year = "1976"
}

@book{apostol_adv,
  author = "T. M. Apostol",
  title = "Mathematical Analysis",
  address = "Boston",
  publisher = AW,
  edition = "{2nd}",
  year = "1974"
}

@book{wade,
  author = "W. R. Wade",
  title = "Introduction to Mathematical Analysis",
  address = "Harlow, U.K.",
  publisher = "Pearson",
  edition = "{4th}",
  year = "2009"
}
