% Publishers
@String{AMS   = "American Mathematical Society"}
@String{AP    = "Academic Press"}
@String{AW    = "Addison-Wesley"}
@String{BH    = "Birkha√ºser"}
@String{CUP   = "Cambridge University Press"}
@String{Dover = "Dover Publications"}
@String{CRC   = "Chapman {\&} Hall/CRC"}
@String{EL    = "Elsevier"}
@String{MGH   = "McGraw-Hill"}
@String{NH    = "North-Holland"}
@String{MIT   = "The MIT Press"}
@String{OUP   = "Oxford University Press"}
@String{PergamonPress = "Pergamon Press"}
@String{PH    = "Prentice-Hall"}
@String{GRUY  = "Walter de Gruyter"}
@String{PUP   = "Princeton University Press"}
@String{SIAM  = "{SIAM} Publications"}
@String{SP    = "Springer"}
@String{VanNostrand = "Van Nostrand"}
@String{WHFreeman = "W. H. Freeman and Co."}
@String{Wiley = "John Wiley {\&} Sons"}
@String{PHL = "Philadelphia"}
@String{PUP = "Princeton University Press"}
@String{PAL = "Palgrave Macmillan"}
@String{VanNostrand = "Van Nostrand"}
@String{WHFreeman = "W. H. Freeman and Co."}
@String{WS = "World Scientific"}
@String{ORE = "O'Reilly Media"}
@String{MAN = "Manning Publications"}
@String{NOS = "No Starch Press"}

@String{OREA = "Sebastopol, CA"}
@String{CRCA = "Boca Raton, FL"}
@String{MANA = "Shelter Island, NY"}
@String{NOSA = "San Francisco, CA"}
@String{CAMB = "Cambridge"}
@String{BE = "Berlin"}
@String{NY = "New York"}
@String{PR = "Paris"}
@String{AM = "Amsterdam"}
@String{LDN = "London"}
@String{SG = "Singapore"}
@String{PROV = "Providence, R.I."}
@String{Hob = "Hoboken, NJ"}
@String{SW = "Switzerland"}
@String{DEK = "Marcel Dekker"}
@String{SPNA = "Cham, Switzerland"}
@String{SPN = "Springer Nature"}

%%%%%%%%%%%%%%%%%%%%%%%%%%%%%%%%%%%%%%%%%%%%%%%%%%%%%%%%%%%%%%%%%%%%%%%%%%

@book{bell,
  author = "A. Bell",
  title = "Get Programming: Learn to Code with Python",
  address = MAN,
  publisher = MANA,
  year = "2018"
}

@book{luba,
  author = "B. Lubanovic",
  title = "Introducing Python: Modern Computing in Simple Packages",
  address = OREA,
  publisher = ORE,
  edition = "{2nd}",
  year = "2020"
}

@book{matt,
  author = "E. Matthes",
  title = "Python Crash Course: A Hands-On, Project Based Introduction to Programming",
  address = NOSA,
  publisher = NOS,
  edition = "{3rd}",
  year = "2023"
}

@book{ramalho,
  author = "L. Ramalho",
  title = "Fluent Python: Clear, Concise, and Effective Programming",
  address = OREA,
  publisher = ORE,
  edition = "{2nd}",
  year = "2022"
}

@book{martelli,
  author = "A. Martelli and A. Ravenscroft and S. Holden and P. McGuire",
  title = "Python in a Nutshell: A Desktop Quick Reference",
  address = OREA,
  publisher = ORE,
  edition = "{4th}",
  year = "2023"
}

@book{beazley_ess,
  author = "D. Beazley",
  title = "Python: Essential Reference",
  address = "Upper Saddle River, NJ",
  publisher = AW,
  edition = "{4th}",
  year = "2009"
}

@book{cookbook,
  author = "D. Beazley and B. Jones",
  title = "Python Cookbook",
  address = OREA,
  publisher = ORE,
  edition = "{3rd}",
  year = "2013"
}

@book{ozsvald,
  author = "M. Gorelick and I. Ozsvald",
  title = "High Performance Python: Practical Performant Programming for Humans",
  address = OREA,
  publisher = ORE,
  edition = "{2nd}",
  year = "2020"
}

@book{beazley_dis,
  author = "D. Beazley",
  title = "Python Distilled",
  address = "Boston",
  publisher = AW,
  year = "2022"
}

@book{slatkin,
  author = "B. Slatkin",
  title = "Effective Python: 90 Specific Ways to Write Better Python",
  address = "Boston",
  publisher = AW,
  year = "2020"
}

@book{antao,
  author = "T. Ant{\~{a}}o",
  title = "Fast Python",
  address = MAN,
  publisher = MANA,
  year = "2023"
}

@book{lerner,
  author = "R. M. Lerner",
  title = "Python Workout: 50 Ten-Minute Exercises",
  address = MAN,
  publisher = MANA,
  year = "2020"
}

misc{peng,
  author = "D. Peng",
  title = "{R} Programming for Data Science",
  publisher = "Leanpub",
  year = "2015",
  howpublished = "\url{https://bookdown.org/rdpeng/rprogdatascience/}",
}
